@article{knuth1984,
  author  = {Knuth, Donald E.},
  journal = {The Computer Journal},
  number  = {2},
  pages   = {97--111},
  title   = {Literate Programming},
  volume  = {27},
  year    = {1984},
}
